<record><leader>00000cas a2200000 a 4500</leader><controlfield tag="001">26082721</controlfield><controlfield tag="007">hd bfu---bbca</controlfield><controlfield tag="008">920625d188919uusdudr nea     0    0eng d</controlfield><datafield ind1=" " ind2=" " tag="010"><subfield code="a">sn 96080309 </subfield></datafield><datafield ind1=" " ind2=" " tag="040"><subfield code="a">SDB</subfield><subfield code="b">eng</subfield><subfield code="c">SDB</subfield><subfield code="d">NVG</subfield><subfield code="d">OCL</subfield><subfield code="d">OCLCQ</subfield><subfield code="d">OCLCF</subfield><subfield code="d">OCLCO</subfield><subfield code="d">DLC</subfield><subfield code="d">OCLCQ</subfield></datafield><datafield ind1=" " ind2=" " tag="042"><subfield code="a">msc</subfield></datafield><datafield ind1=" " ind2=" " tag="043"><subfield code="a">n-us-sd</subfield></datafield><datafield ind1="0" ind2="4" tag="082"><subfield code="a">071</subfield><subfield code="b">P92</subfield></datafield><datafield ind1="0" ind2="0" tag="245"><subfield code="a">Yankton press and Dakotan.</subfield></datafield><datafield ind1="1" ind2="3" tag="246"><subfield code="a">Daily press and Dokotan</subfield></datafield><datafield ind1=" " ind2=" " tag="260"><subfield code="a">Yankton, S.D. :</subfield><subfield code="b">Bowen &amp; Kingsbury,</subfield><subfield code="c">1889-</subfield></datafield><datafield ind1=" " ind2=" " tag="300"><subfield code="a">volumes</subfield></datafield><datafield ind1=" " ind2=" " tag="310"><subfield code="a">Daily (except Sunday)</subfield></datafield><datafield ind1=" " ind2=" " tag="336"><subfield code="a">text</subfield><subfield code="b">txt</subfield><subfield code="2">rdacontent</subfield></datafield><datafield ind1=" " ind2=" " tag="337"><subfield code="a">microform</subfield><subfield code="b">h</subfield><subfield code="2">rdamedia</subfield></datafield><datafield ind1=" " ind2=" " tag="338"><subfield code="a">microfilm reel</subfield><subfield code="b">hd</subfield><subfield code="2">rdacarrier</subfield></datafield><datafield ind1="0" ind2=" " tag="362"><subfield code="a">Vol. 10 [i.e. 15], no. 1 (Apr. 26, 1889)-</subfield></datafield><datafield ind1=" " ind2=" " tag="580"><subfield code="a">Other ed.: Yankton press and union and Dakotaian.</subfield></datafield><datafield ind1=" " ind2=" " tag="533"><subfield code="a">Microfilm.</subfield><subfield code="b">Springfield, S.D. :</subfield><subfield code="c">South Dakota State Historical Society.</subfield><subfield code="e">microfilm reels : negative ; 35 mm.</subfield></datafield><datafield ind1=" " ind2="0" tag="651"><subfield code="a">Yankton (S.D.)</subfield><subfield code="v">Newspapers.</subfield></datafield><datafield ind1=" " ind2="7" tag="651"><subfield code="a">South Dakota</subfield><subfield code="z">Yankton.</subfield><subfield code="2">fast</subfield><subfield code="0">(OCoLC)fst01228901</subfield></datafield><datafield ind1=" " ind2="7" tag="655"><subfield code="a">Newspapers.</subfield><subfield code="2">fast</subfield><subfield code="0">(OCoLC)fst01423814</subfield></datafield><datafield ind1="1" ind2=" " tag="775"><subfield code="t">Yankton press and union and Dakotaian</subfield><subfield code="w">(DLC)sn 96080305</subfield></datafield><datafield ind1="1" ind2=" " tag="776"><subfield code="c">Original</subfield><subfield code="w">(DLC)sn 91099609</subfield></datafield><datafield ind1="0" ind2="0" tag="780"><subfield code="t">Press and daily Dakotaian</subfield><subfield code="w">(DLC)sn 96080308</subfield><subfield code="w">(OCoLC)26082665</subfield></datafield><datafield ind1="0" ind2="0" tag="785"><subfield code="t">Yankton daily press &amp; Dakotan</subfield></datafield><datafield ind1="1" ind2=" " tag="029"><subfield code="a">AU@</subfield><subfield code="b">000012441395</subfield></datafield></record>